<collection xmlns="http://www.loc.gov/MARC21/slim">
   <record>
      <leader>03702cam a2200397 i 45 0</leader>
      <controlfield tag="001">6808630</controlfield>
      <controlfield tag="005">20140812182942.0</controlfield>
      <controlfield tag="008">140811s2015    nyu      b    001 0 eng  </controlfield>
      <datafield ind1=" " ind2=" " tag="010">
         <subfield code="a">  2014020531</subfield>
      </datafield>
      <datafield ind1=" " ind2=" " tag="020">
         <subfield code="a">9780415831932 (hbk)</subfield>
      </datafield>
      <datafield ind1=" " ind2=" " tag="020">
         <subfield code="a">0415831938 (hbk)</subfield>
      </datafield>
      <datafield ind1=" " ind2=" " tag="020">
         <subfield code="z">9780203509326 (ebk)</subfield>
      </datafield>
      <datafield ind1=" " ind2=" " tag="035">
         <subfield code="a">ocn886878856</subfield>
      </datafield>
      <datafield ind1=" " ind2=" " tag="040">
         <subfield code="a">DLC</subfield>
         <subfield code="b">eng</subfield>
         <subfield code="e">rda</subfield>
         <subfield code="c">DLC</subfield>
         <subfield code="d">CaOTV</subfield>
         <subfield code="d">AESJC</subfield>
      </datafield>
      <datafield ind1=" " ind2=" " tag="042">
         <subfield code="a">pcc</subfield>
      </datafield>
      <datafield ind1="0" ind2="0" tag="050">
         <subfield code="a">BL458</subfield>
         <subfield code="b">.F454 2015</subfield>
      </datafield>
      <datafield ind1="0" ind2="0" tag="082">
         <subfield code="a">200.82</subfield>
         <subfield code="2">23</subfield>
      </datafield>
      <datafield ind1=" " ind2=" " tag="090">
         <subfield code="a">BL 458 F454 2015</subfield>
         <subfield code="b">AESJC</subfield>
      </datafield>
      <datafield ind1="0" ind2="0" tag="245">
         <subfield code="a">Feminism and religion in the 21st century :</subfield>
         <subfield code="b">technology, dialogue, and expanding borders /</subfield>
         <subfield code="c">edited by Gina Messina-Dysert and Rosemary Radford Ruether.</subfield>
      </datafield>
      <datafield ind1=" " ind2="1" tag="264">
         <subfield code="a">New York :</subfield>
         <subfield code="b">Routledge, Taylor &amp; Francis Group,</subfield>
         <subfield code="c">2015.</subfield>
      </datafield>
      <datafield ind1=" " ind2=" " tag="300">
         <subfield code="a">vi, 217 pages ;</subfield>
         <subfield code="c">24 cm.</subfield>
      </datafield>
      <datafield ind1=" " ind2=" " tag="336">
         <subfield code="a">text</subfield>
         <subfield code="b">txt</subfield>
         <subfield code="2">rdacontent</subfield>
         <subfield code="0">http://id.loc.gov/vocabulary/contentTypes/txt</subfield>
      </datafield>
      <datafield ind1=" " ind2=" " tag="337">
         <subfield code="a">unmediated</subfield>
         <subfield code="b">n</subfield>
         <subfield code="2">rdamedia</subfield>
         <subfield code="0">http://id.loc.gov/vocabulary/mediaTypes/n</subfield>
      </datafield>
      <datafield ind1=" " ind2=" " tag="338">
         <subfield code="a">volume</subfield>
         <subfield code="b">nc</subfield>
         <subfield code="2">rdacarrier</subfield>
         <subfield code="0">http://id.loc.gov/vocabulary/carriers/nc</subfield>
      </datafield>
      <datafield ind1=" " ind2=" " tag="504">
         <subfield code="a">Includes bibliographical references and index.</subfield>
      </datafield>
      <datafield ind1="0" ind2=" " tag="505">
         <subfield code="a">#FemReligionFuture: The new feminist revolution in religion / Gina Messina-Dysert -- Blogging as religious feminist activism: ministry to, through, with, and from / Monica A. Coleman with C. Yvonne Augustine -- Mormon feminist blogs and heavenly mother: spaces for ambivalence and innovation in practice and theology / Caroline Kline -- Being undone by the other: feminisms, blogs, and critique / Xochitl Alvizo -- The Catholic Church and social media: embracing [fighting] a feminist ideological theo-ethical discourse and discursive activism / Michele Stopera Freyhauf -- From typewriters to social networking: a feminist organization's techno history / Mary E. Hunt -- Television, social networking, and cultural criticism: alternative methodologies for feminist scholarship / Elise M. Edwards -- Finding ancestor connection via the Internet / Carol P. Christ -- Private space, public forum: a netnographic exploration of Muslim American women, access, and agency in "Islamic" cyberspace / Kristina Benson -- Faith from nowhere: feminist ecclesiological reflections on the "liquid catholicism" of new media / Brett C. Hoover -- From telephone to live broadcast: becoming a brick-and-morter synagogue without walls / Bracha Yael -- Creating "open-source" community: just hospitality or cyberspace ivory tower? / Kate M. Ott -- The Mormon "Ordain Women" movement: the virtue of virtual activism / Margaret M. Toscano -- Experiment with feminist pedagogy and technology in the classroom / Grace Yia-Hei Kao -- Inter-cendent bodies: a study of cyborgs, relational theo/alogy, and multiple embodiment in 21st-century gaming / Sara M. Frykenberg -- Broken body, virtual body: cyberfeminism and the changing goddess / Rachel Wagner and Sarah Scott.</subfield>
      </datafield>
      <datafield ind1=" " ind2=" " tag="596">
         <subfield code="a">49</subfield>
      </datafield>
      <datafield ind1=" " ind2="0" tag="650">
         <subfield code="a">Women and religion.</subfield>
         <subfield code="0">http://id.loc.gov/authorities/subjects/sh85147433</subfield>
      </datafield>
      <datafield ind1=" " ind2="0" tag="650">
         <subfield code="a">Feminism</subfield>
         <subfield code="x">Religious aspects.</subfield>
         <subfield code="0">http://id.loc.gov/authorities/subjects/sh85047743</subfield>
      </datafield>
      <datafield ind1=" " ind2="0" tag="650">
         <subfield code="a">Women in technology.</subfield>
         <subfield code="0">http://id.loc.gov/authorities/subjects/sh85147605</subfield>
      </datafield>
      <datafield ind1=" " ind2="0" tag="650">
         <subfield code="a">Feminism and science.</subfield>
         <subfield code="0">http://id.loc.gov/authorities/subjects/sh99002551</subfield>
      </datafield>
      <datafield ind1="1" ind2=" " tag="700">
         <subfield code="a">Messina-Dysert, Gina,</subfield>
         <subfield code="e">editor.</subfield>
         <subfield code="0">http://id.loc.gov/authorities/names/n2014048410</subfield>
         <subfield code="0">http://viaf.org/viaf/310611743</subfield>
      </datafield>
      <datafield ind1="1" ind2=" " tag="700">
         <subfield code="a">Ruether, Rosemary Radford,</subfield>
         <subfield code="e">editor</subfield>
         <subfield code="0">http://id.loc.gov/authorities/names/n50022481</subfield>
         <subfield code="0">http://viaf.org/viaf/19721958</subfield>
      </datafield>
      <datafield ind1=" " ind2=" " tag="758">
         <subfield code="0">http://worldcat.org/entity/work/id/23791252</subfield>
      </datafield>
      <datafield ind1="0" ind2=" " tag="787">
         <subfield code="n">OCLC Work Id</subfield>
         <subfield code="o">http://worldcat.org/entity/work/id/23791252</subfield>
      </datafield>
      <datafield ind1=" " ind2=" " tag="926">
         <subfield code="a">BL 458 F454 2015</subfield>
         <subfield code="w">LC</subfield>
         <subfield code="c">1</subfield>
         <subfield code="i">0160000520678</subfield>
         <subfield code="d">4/15/2016</subfield>
         <subfield code="e">4/11/2016</subfield>
         <subfield code="l">ON_SHELF</subfield>
         <subfield code="m">UASJC</subfield>
         <subfield code="n">3</subfield>
         <subfield code="r">Y</subfield>
         <subfield code="s">Y</subfield>
         <subfield code="t">BOOK</subfield>
         <subfield code="u">2/25/2015</subfield>
      </datafield>
   </record>
</collection>
